@misc{httpAbuse,
      author = "Ronald Tschalär",
      title = "Full-Duplex Channel over {HTTP}",
	  day = "16",      
      month = sep,
      year = "2006",
      howpublished = "\url{http://www.innovation.ch/java/HTTPClient/fullduplex.html}",
      note = {Accessed: 2014-28-01}
}

@misc{lpAjax,
      author = "xPHP",
      title = "Long Polling with {AJAX} and {PHP}",
      year = "2014",
      howpublished = "\url{http://www.xphp.info/php-tutorial/long-polling/}",
      note = {Accessed: 2014-28-01}
}

% Optional fields: author, title, howpublished, month, year, note
@MISC{whyNodeJS,
	author = "Tomislav Capan",
	title = "Why The Hell Would I Use Node.js? A Case-by-Case Introduction",
	year = "2013",
	howpublished = "\url{http://www.toptal.com/nodejs/why-the-hell-would-i-use-node-js}",
	note = {Accessed: 2014-06-11}	
}

% Optional fields: volume, number, pages, month, note
@misc{nodeJS,
	author = "Joyent Inc",
	title = "Node {JS}",
    year = "2014",
    howpublished = "\url{http://nodejs.org/about/}",
    note = {Accessed: 2014-06-11}
}

% Optional fields: author, title, howpublished, month, year, note
@MISC{databaseChoice,
	author = "Rich Jones",
	title = "6 Tips For Hiring a NodeJS Developer",
	year = "2012",
	howpublished = "\url{https://gun.io/blog/6-tips-for-hiring-a-node-js-developer/}",
	note = {Accessed: 2014-06-11}
}

% Optional fields: author, title, howpublished, month, year, note
@MISC{sepofconcerns,
	author = "derekgreer",
	title = "The Art of Separation of Concerns",
	year = "2008",
	howpublished = "\url{http://aspiringcraftsman.com/2008/01/03/art-of-separation-of-concerns/}",
	note = {Accessed: 2014-06-11}
}

% Optional fields: author, title, howpublished, month, year, note
@MISC{whatiskerberos,
	author = "MIT",
	title = "What is Kerberos?",
	year = "2014",
	howpublished = "\url{http://web.mit.edu/kerberos/#what_is}",
	note = {Accessed: 2014-06-11}
}

% Optional fields: author, title, howpublished, month, year, note
@MISC{explainlikeIm5,
	author = "Lynn Root",
	title = "Explain like I’m 5: Kerberos",
	year = "2013",
	howpublished = "\url{http://www.roguelynn.com/words/explain-like-im-5-kerberos/}",
	note = {Accessed: 2014-06-11}
}

% Optional fields: author, title, howpublished, month, year, note
@MISC{activedirectory,
	author = "gheeres",
	title = "activedirectory",
	year = "2014",
	howpublished = "\url{https://www.npmjs.org/package/activedirectory}",
	note = {Accessed: 2014-06-11}
}

@misc{fragments,
	author = "Google Inc.",
	title = "{UI} Components - Fragments",
	year = "2013",
	howpublished = "\url{http://developer.android.com/guide/components/fragments.html}",
	note = {Accessed: 2014-29-01}
}

@misc{navdrawer,
	author = "Google Inc.",
	title = "Navigation Drawer",
	year = "2013",
	howpublished = "\url{http://developer.android.com/design/patterns/navigation-drawer.html}",
	note = {Accessed: 2014-29-01}
}

@misc{spl,
	author = "{JFrankie}",
	title = "{Android SlidingPaneLayout: Tutorial}",
	year = "2013",
	month = oct,
	day = "16",
	howpublished = "\url{http://www.survivingwithandroid.com/2013/10/android-slidingpanelayout-tutorial.html}",
	note = {Accessed: 2014-29-01}
}