@misc{httpAbuse,
      author = "Ronald Tschal√§r",
      title = "Full-Duplex Channel over {HTTP}",
	  day = "16",      
      month = sep,
      year = "2006",
      howpublished = "\url{http://www.innovation.ch/java/HTTPClient/fullduplex.html}",
      note = {Accessed: 2014-28-01}
}

@misc{lpAjax,
      author = "xPHP",
      title = "Long Polling with {AJAX} and {PHP}",
      year = "2014",
      howpublished = "\url{http://www.xphp.info/php-tutorial/long-polling/}",
      note = {Accessed: 2014-28-01}
}

@misc{fragments,
	author = "Google Inc.",
	title = "{UI} Components - Fragments",
	year = "2013",
	howpublished = "\url{http://developer.android.com/guide/components/fragments.html}",
	note = {Accessed: 2014-29-01}
}

@misc{navdrawer,
	author = "Google Inc.",
	title = "Navigation Drawer",
	year = "2013",
	howpublished = "\url{http://developer.android.com/design/patterns/navigation-drawer.html}",
	note = {Accessed: 2014-29-01}
}

@misc{spl,
	author = "{JFrankie}",
	title = "{Android SlidingPaneLayout: Tutorial}",
	year = "2013",
	month = oct,
	day = "16",
	howpublished = "\url{http://www.survivingwithandroid.com/2013/10/android-slidingpanelayout-tutorial.html}",
	note = {Accessed: 2014-29-01}
}